@report{,
   title = {Relatório Científico-2 de 2},
}
@report{,
   title = {Relatório Científico-1 de 2},
}
